<record><leader>00000cas a2200000 a 4500</leader><controlfield tag="001">10065302</controlfield><controlfield tag="008">831027d18751899nyuwr ne      0    0eng c</controlfield><datafield ind1=" " ind2=" " tag="010"><subfield code="a">sn 83031715 </subfield></datafield><datafield ind1=" " ind2=" " tag="040"><subfield code="a">NPU</subfield><subfield code="b">eng</subfield><subfield code="c">NPU</subfield><subfield code="d">NYG</subfield><subfield code="d">NPX</subfield><subfield code="d">NVH</subfield><subfield code="d">NSD</subfield><subfield code="d">NYS</subfield><subfield code="d">NYG</subfield><subfield code="d">OCLCQ</subfield><subfield code="d">OCLCF</subfield><subfield code="d">OCLCO</subfield></datafield><datafield ind1="1" ind2=" " tag="029"><subfield code="a">AU@</subfield><subfield code="b">000020405703</subfield></datafield><datafield ind1=" " ind2=" " tag="042"><subfield code="a">pcc</subfield></datafield><datafield ind1=" " ind2=" " tag="043"><subfield code="a">n-us-ny</subfield></datafield><datafield ind1="0" ind2=" " tag="130"><subfield code="a">Yonkers statesman (Yonkers, N.Y. : 1875)</subfield></datafield><datafield ind1="1" ind2="4" tag="245"><subfield code="a">The Yonkers statesman.</subfield></datafield><datafield ind1=" " ind2=" " tag="260"><subfield code="a">Yonkers, N.Y. :</subfield><subfield code="b">M.F. Rowe,</subfield><subfield code="c">1875-1899.</subfield></datafield><datafield ind1=" " ind2=" " tag="300"><subfield code="a">v. :</subfield><subfield code="b">ill. (chiefly advertisements) ;</subfield><subfield code="c">71 cm.</subfield></datafield><datafield ind1=" " ind2=" " tag="310"><subfield code="a">Weekly</subfield></datafield><datafield ind1="0" ind2=" " tag="362"><subfield code="a">Vol. 20, no. 985 (Jan. 1, 1875)-</subfield></datafield><datafield ind1="1" ind2=" " tag="362"><subfield code="a">Ceased in 1899.</subfield><subfield code="z">Cf. Gregory, W. American newspapers.</subfield></datafield><datafield ind1=" " ind2=" " tag="500"><subfield code="a">Editor: M.F. Rowe, &lt;1875&gt;.</subfield></datafield><datafield ind1=" " ind2=" " tag="500"><subfield code="a">Yonkers bicentennial issue, Oct. 19, 1882.</subfield></datafield><datafield ind1=" " ind2=" " tag="500"><subfield code="a">"A weekly journal in the interest of Westchester County, N.Y."</subfield></datafield><datafield ind1=" " ind2=" " tag="530"><subfield code="a">Available on microfilm from Micro Photo Division, Bell and Howell Co.</subfield></datafield><datafield ind1=" " ind2=" " tag="580"><subfield code="a">Daily eds.: Yonkers statesman (Yonkers, N.Y. : 1883), Nov. 10, 1883-Oct. 1, 1921; Yonkers statesman and the Yonkers daily news, Oct. 3,1921-June 11, 1924.; Yonkers statesman (Yonkers, N.Y. : 1924), June 12, 1924-Mar. 14, 1932.</subfield></datafield><datafield ind1=" " ind2=" " tag="588"><subfield code="a">Latest issue consulted: Vol. 31, no. 1611 (Dec. 31,1886).</subfield></datafield><datafield ind1=" " ind2="0" tag="651"><subfield code="a">Yonkers (N.Y.)</subfield><subfield code="v">Newspapers.</subfield></datafield><datafield ind1=" " ind2="0" tag="651"><subfield code="a">Westchester County (N.Y.)</subfield><subfield code="v">Newspapers.</subfield></datafield><datafield ind1=" " ind2="7" tag="655"><subfield code="a">Newspapers.</subfield><subfield code="2">fast</subfield><subfield code="0">(OCoLC)fst01423814</subfield></datafield><datafield ind1=" " ind2="7" tag="651"><subfield code="a">New York (State)</subfield><subfield code="z">Westchester County.</subfield><subfield code="2">fast</subfield><subfield code="0">(OCoLC)fst01202684</subfield></datafield><datafield ind1=" " ind2="7" tag="651"><subfield code="a">New York (State)</subfield><subfield code="z">Yonkers.</subfield><subfield code="2">fast</subfield><subfield code="0">(OCoLC)fst01215788</subfield></datafield><datafield ind1=" " ind2=" " tag="752"><subfield code="a">United States</subfield><subfield code="b">New York</subfield><subfield code="c">Westchester</subfield><subfield code="d">Yonkers.</subfield></datafield><datafield ind1="1" ind2=" " tag="775"><subfield code="t">Yonkers statesman (Yonkers, N.Y. : 1883)</subfield><subfield code="w">(DLC)sn 91063288</subfield><subfield code="w">(OCoLC)24498329</subfield></datafield><datafield ind1="0" ind2="0" tag="780"><subfield code="t">Statesman (Yonkers, N.Y. : 1863)</subfield><subfield code="w">(DLC)sn 83031714</subfield><subfield code="w">(OCoLC)10065342</subfield></datafield></record>